@inproceedings{lftj,
  author       = {Todd L. Veldhuizen},
  title        = {Leapfrog Triejoin: a worst-case optimal join algorithm},
  year         = {2014},
  booktitle    = {Proceedings of the 17th International Conference on Database Theory (ICDT)},
  address      = {Athens, Greece},
}

@article{lftj2,
  author       = {Todd L. Veldhuizen},
  title        = {Leapfrog Triejoin: a worst-case optimal join algorithm},
  journal      = {CoRR},
  volume       = {abs/1210.0481},
  year         = {2012},
  url          = {http://arxiv.org/abs/1210.0481},
  eprinttype    = {arXiv},
  eprint       = {1210.0481},
  timestamp    = {Mon, 13 Aug 2018 16:48:31 +0200},
  biburl       = {https://dblp.org/rec/journals/corr/abs-1210-0481.bib},
  bibsource    = {dblp computer science bibliography, https://dblp.org}
}
